<record><leader>00000cas a22000007a 4500</leader><controlfield tag="001">29992137</controlfield><controlfield tag="008">940321d19101945nmuwr ne      0   a0eng d</controlfield><datafield ind1=" " ind2=" " tag="010"><subfield code="a">sn 94056939 </subfield></datafield><datafield ind1=" " ind2=" " tag="040"><subfield code="a">NVM</subfield><subfield code="b">eng</subfield><subfield code="c">NVM</subfield><subfield code="d">OCLCQ</subfield><subfield code="d">DLC</subfield><subfield code="d">OCLCF</subfield></datafield><datafield ind1="0" ind2=" " tag="022"><subfield code="a">2327-1264</subfield><subfield code="2">1</subfield></datafield><datafield ind1="1" ind2=" " tag="029"><subfield code="a">AU@</subfield><subfield code="b">000025899083</subfield></datafield><datafield ind1="1" ind2=" " tag="041"><subfield code="a">eng</subfield><subfield code="b">spa</subfield></datafield><datafield ind1=" " ind2=" " tag="042"><subfield code="a">msc</subfield><subfield code="a">nsdp</subfield></datafield><datafield ind1=" " ind2=" " tag="043"><subfield code="a">n-us-nm</subfield></datafield><datafield ind1="0" ind2="0" tag="050"><subfield code="a">Newspaper</subfield></datafield><datafield ind1="0" ind2="0" tag="082"><subfield code="a">071</subfield><subfield code="2">23</subfield></datafield><datafield ind1=" " ind2="0" tag="222"><subfield code="a">Carrizozo outlook</subfield><subfield code="b">(Print)</subfield></datafield><datafield ind1="0" ind2="0" tag="245"><subfield code="a">Carrizozo outlook.</subfield></datafield><datafield ind1=" " ind2=" " tag="260"><subfield code="a">Carrizozo, N.M. :</subfield><subfield code="b">William Kabler</subfield></datafield><datafield ind1=" " ind2=" " tag="300"><subfield code="a">v.</subfield></datafield><datafield ind1=" " ind2=" " tag="310"><subfield code="a">Weekly</subfield></datafield><datafield ind1="0" ind2=" " tag="362"><subfield code="a">Vol 4, no. 15 (Jan. 7, 1910)-v. 36, no. 18 (Aug. 31, 1945).</subfield></datafield><datafield ind1=" " ind2=" " tag="530"><subfield code="a">Also on microfilm: El Paso, Tex. : Southwest Micropublishing, Inc.</subfield></datafield><datafield ind1=" " ind2=" " tag="530"><subfield code="a">Archived issues are available in digital format as part of the Library of Congress Chronicling America online collection.</subfield></datafield><datafield ind1=" " ind2=" " tag="546"><subfield code="a">Issues for 1915-1917 contains articles in English and Spanish.</subfield></datafield><datafield ind1=" " ind2="0" tag="651"><subfield code="a">Carrizozo (N.M.)</subfield><subfield code="v">Newspapers.</subfield></datafield><datafield ind1=" " ind2="0" tag="651"><subfield code="a">Lincoln County (N.M.)</subfield><subfield code="v">Newspapers.</subfield></datafield><datafield ind1=" " ind2="7" tag="655"><subfield code="a">Newspapers.</subfield><subfield code="2">fast</subfield><subfield code="0">(OCoLC)fst01423814</subfield></datafield><datafield ind1=" " ind2="7" tag="651"><subfield code="a">New Mexico</subfield><subfield code="z">Carrizozo.</subfield><subfield code="2">fast</subfield><subfield code="0">(OCoLC)fst01260793</subfield></datafield><datafield ind1=" " ind2="7" tag="651"><subfield code="a">New Mexico</subfield><subfield code="z">Lincoln County.</subfield><subfield code="2">fast</subfield><subfield code="0">(OCoLC)fst01218749</subfield></datafield><datafield ind1=" " ind2=" " tag="752"><subfield code="a">United States</subfield><subfield code="b">New Mexico</subfield><subfield code="c">Lincoln</subfield><subfield code="d">Carrizozo.</subfield></datafield><datafield ind1="0" ind2="8" tag="776"><subfield code="i">Online version:</subfield><subfield code="t">Carrizozo outlook (Online)</subfield><subfield code="x">2327-1272</subfield><subfield code="w">(DLC)  2013218611</subfield><subfield code="w">(OCoLC)829105410</subfield></datafield><datafield ind1="0" ind2="0" tag="780"><subfield code="t">Southwestern outlook</subfield><subfield code="w">(DLC)sn 94056938</subfield><subfield code="w">(OCoLC)29992103</subfield></datafield><datafield ind1="0" ind2="7" tag="785"><subfield code="t">Lincoln County news (Carrizozo, N.M. : 1926)</subfield><subfield code="w">(DLC)sn 91066491</subfield><subfield code="w">(OCoLC)23442692</subfield></datafield><datafield ind1="0" ind2="7" tag="785"><subfield code="t">Lincoln County news and Carrizozo outlook</subfield><subfield code="w">(DLC)sn 94056941</subfield><subfield code="w">(OCoLC)29992391</subfield></datafield><datafield ind1="4" ind2="1" tag="856"><subfield code="u">http://www.loc.gov/chroniclingamerica/lccn/sn94056939/issues</subfield></datafield></record>